@STRING{STOC   = "Annual {ACM} Symposium on the Theory of Computing"}
@STRING{FOCS   = "Annual {IEEE} Symposium on the Foundations of Computer Science"}


@Article{BarNoyGNS01,
  author = "A. Bar-Noy and S. Guha and J. Naor and B. Schieber",
  title = "Approximating the throughput of multiple machines in real-time scheduling",
  journal = "SIAM Journal on Computing",
  volume = "31",
  number = "2",
  pages = "331-352",
  year = 2001,
}

@InProceedings{Naor+Schieber:shallow-trees,
  author = 	 {J. Naor and B. Schieber},
  title = 	 {Improved approximations for shallow-light spanning trees},
  booktitle = 	 {Proceedings of the 38th } # FOCS,
  year =	 1997,
  pages =	 {536--541}
}

@Article{PhillipsUW2000,
  author = "C. A. Phillips and R. N. Uma and J. Wein",
  title = "Off-line admission control for general scheduling problems",
  journal = "Journal of Scheduling",
  volume = "to appear",
  year = "2002+"
}

@InProceedings{Srinivasan+Teo:STOC97,
  author = 	 {A. Srinivasan},
  title = 	 {A constant-factor approximation algorithm for packet routing,
                  and balancing local vs.\ global criteria},
  booktitle = 	 {Proceedings of the 29th } # STOC,
  year =	 1997,
  pages =	 {636--643}
}

@Article{BoydCarr,
  author = "S. Boyd and R. Carr",
  title = "A new bound for the ratio between the $2$-matching problem and its linear programming relaxation",
  journal = "Mathematical Programming, Ser A",
  volume = "86",
  pages = "499--514",
  year = 1999,
}

@InCollection{BurchCKMPS03,
  author =       {C. Burch and R. Carr and S. Krumke and M. Marathe and C. Phillips and E. Sundberg},
  title =        {A decomposition-based pseudoapproximation algorithm for network flow inhibition},
  booktitle =    {Network Interdiction and Stochastic Integer Programming},
  publisher =    {Kluwer Academic Press},
  year =         2003,
  editor =       {D. L. Woodruff},
  pages =        {51--68}
}

@article{CarrVempala,
  author = {R. Carr and S. Vempala},
  title = {On the Held-Karp relaxation for the asymmetric and symmetric
           traveling salesman problems.},
  journal = {Math. Programming},
  volume = {100},
  number = {3},
  year = {2004},
  pages = {569-587}
}

@inproceedings{CarrRavi,
    author = "R. Carr and R. Ravi",
    title = "A New Bound for the 2-Edge Connected Subgraph Problem",
    booktitle = "Proceedings of Integer Programming and Combinatorial Optimization",
    pages = "112-125",
    year = "1998"
}

@InProceedings{CarrKLNP07,
  author = 	 {R. Carr and G. Konjevod and G. Little and V. Natarajan and O. Parekh},
  title = 	 {Compacting cuts: a new linear formulation},
  booktitle = 	 {Proceedings of the 18th Annual ACM-SIAM Symposium on Discrete Algorithms},
  year =	 2007,
  note =	 {to appear. \url{www.mathcs.emory.edu/~ojas/papers/CompMinCut.pdf}}
}

@inproceedings{BoydLabonte,
    author = "S. Boyd and G. Labont\'{e}",
    title = "Finding the exact integrality gap for small traveling salesman problems",
    booktitle = "Proceedings of Integer Programming and Combinatorial Optimization",
    pages = "83",
    year = "2002"
}

@article{ShmoysWilliamson,
  author = {D. Shmoys and D. Williamson},
  title = {Analyzing the Held-Karp TSP bound: a monotonicity property with
           application},
  journal = {Information Processing Letters},
  volume = {35},
  year = {1990},
  pages = {281-285}
}

@techreport{Christofides76,
  author={N. Christofides},
  title="Worst case analysis of a new heuristic for the traveling salesman problem",
  institution="Graduate School of Industrial Administration, Carnegie Mellon University",
  year=1976,
  number="388"
}

@book{GJ79,
author = {M.R. Garey and D.S. Johnson},
title = {Computers and Intractability -- A Guide to the Theory of {NP}-Completeness},
publisher = {Freeman},
year = {1979},
address = {San Francisco, CA}
}

@article{Khachian79,
  author="L. Khachian",
  title="A polynomial time algorithm for linear programming",
  journal="Soviet Mathematics, Doklady",
  volume=20,
  pages="191-194",
  year=1979
  }

@book{ampl,
author = "R. Fourer and D.M. Gay and B.W. Kernighan",
title = "{AMPL}: A Modeling Language for Mathematical Programming",
publisher = "Boyd \& Fraser Publishing Company",
year = 1993}

@article{RT87,
author = "P. Raghavan and C. D. Thompson",
title = "Randomized rounding: a technique for provably good algorithms and algorithmic proofs",
journal = "Combinatorica",
volume=7,
pages="365-374",
year=1987
}

@article{FGL05,
author = "M. Fischetti and F. Glover and A. Lodi"
title = "The feasibility pump",
journal = "Mathematical Programming A",
volume=104,
pages="91-104",
year=2005
}

@article{CFT99,
author = "A. Caprara and M. Fischetti and P. Toth"
title = "A heuristic method for the set cover problem",
journal = "Operations Research",
volume=47,
number=5,
pages="730-743",
year=1999
}

@misc{ caprara98algorithms,
  author = "A. Caprara and M. Fischetti and P. Toth",
  title = "Algorithms for the Set Covering Problem",
  text = "A. Caprara, M. Fischetti, P. Toth. Algorithms for the Set Covering Problem.
    Technical Report No. OR-98-3. DEIS-Operations Research Group, 1998.",
  year = "1998",
  url = "citeseer.ist.psu.edu/caprara98algorithms.html" }

@misc{ caprara95heuristic,
  author = "A. Caprara and M. Fischetti and P. Toth",
  title = "A Heuristic Method for the Set Covering Problem",
  text = "A. Caprara, M. Fischetti and P. Toth, A Heuristic Method for the Set Covering
    Problem, Technical Report OR-95-8, DEIS University of Bologna, 1995, extended
    abstract published in W.H. Cunningham, S.T. McCormick and M. Queyranne (eds.)
    Proceedings of the Fifth IPCO Conference, Lecture Notes in Computer Science
    1084, Springer, 1995, 72--84.",
  year = "1995",
  url = "citeseer.ist.psu.edu/caprara95heuristic.html" }
